<?xml version="1.0" encoding="UTF-8"?><collection xmlns="http://www.loc.gov/MARC21/slim"><record><leader>00387nam--2200145-i-4500</leader><controlfield tag="001">000033769</controlfield><controlfield tag="002">20161230</controlfield><controlfield tag="005">20170122230944</controlfield><controlfield tag="008">060222s1000------------r-----000-0-eng-d</controlfield><datafield ind1=" " ind2=" " tag="100"><subfield code="a">Martin, A</subfield></datafield><datafield ind1=" " ind2=" " tag="245"><subfield code="a">Cours D`Electronique. T. 1: Tubes Semi-conducteurs Et Circuits</subfield></datafield><datafield ind1=" " ind2=" " tag="260"><subfield code="a">Paris</subfield><subfield code="b">Gauthier-Villars</subfield><subfield code="c">1968</subfield></datafield><datafield ind1=" " ind2=" " tag="300"><subfield code="a">237 p</subfield></datafield><datafield ind1=" " ind2=" " tag="700"><subfield code="a">Bouchet, l</subfield></datafield><datafield ind1=" " ind2=" " tag="CAT"><subfield code="a">SYS</subfield><subfield code="c">20170122</subfield><subfield code="h">230944</subfield></datafield></record></collection>